% Encoding: UTF-8

@WWW{Golang2012,
  author = {Golang},
  title  = {Golang Documentation},
  year   = {2012},
  url    = {https://golang.org
},
}

@WWW{Dogan2017,
  author = {Jaana Burcu Dogan},
  title  = {Distributed tracing for Go},
  year   = {2017},
  date   = {2017-04-19},
  url    = {https://cloud.google.com/blog/products/gcp/distributed-tracing-for-go
},
}

@WWW{ITMarketplace2016,
  author = {IT Marketplace, it},
  title  = {Why Use Go for Microservices},
  year   = {2016},
  date   = {2016-06-22},
  url    = {https://medium.com/@itmarketplace.net/why-use-go-for-microservices-831ee754bf20},
}

@WWW{SourceFuse2018,
  author = {Source Fuse},
  title  = {Microservices, Explained.},
  year   = {2018},
  date   = {2018-07-30},
  url    = {https://medium.com/@SourceFuse/microservices-explained-b3b052b6f05d},
}

@WWW{Casey2017,
  author = {Kevin Casey},
  title  = {How to explain microservices in plain English},
  year   = {2017},
  date   = {2017-08-17},
  url    = {https://enterprisersproject.com/article/2017/8/how-explain-microservices-plain-english},
}

@WWW{Carey2018,
  author = {Scott Carey},
  title  = {What are microservices?},
  year   = {2018},
  date   = {2018-08-10},
  url    = {https://www.computerworlduk.com/applications/microservices-explained-is-this-just-tweaked-soa-or-something-much-bigger-3638372/},
}

@WWW{Glog2013,
  author = {David Symonds},
  title  = {Glog},
  year   = {2019},
  date   = {2019-02-20},
  url    = {https://github.com/golang/glog},
}

@WWW{sirupsen2014,
  author = {Simon Eskildsen},
  title  = {Logrus},
  year   = {2019},
  date   = {2019-02-20},
  url    = {https://github.com/sirupsen/logrus},
}

@WWW{Dietrich2018,
  author = {Erik Dietrich},
  title  = {Getting started quickly with go logging},
  year   = {2018},
  date   = {2018-06-05},
  url    = {https://www.scalyr.com/blog/go-logging/},
}

@WWW{Techopedia,
  author = {Technopedia},
  title  = {Log Files},
  url    = {https://www.techopedia.com/definition/5445/log-file},
}

@WWW{Thakur2019,
  author = {Ankush Thakur},
  title  = {10 Open Source Log Collectors for Centralized Logging},
  year   = {2019},
  date   = {2019-01-14},
  url    = {https://geekflare.com/open-source-centralized-logging/},
}

@WWW{Rouse2018,
  author = {Margaret Rouse},
  title  = {Distributed tracing},
  year   = {2018},
  date   = {2018-04-30},
  url    = {https://searchitoperations.techtarget.com/definition/distributed-tracing},
}

@WWW{Sabic2018,
  author = {Nedim Sabic},
  title  = {Jaeger vs Zipkin â€“ OpenTracing Distributed Tracers},
  year   = {2018},
  date   = {2018-05-23},
  url    = {https://sematext.com/blog/jaeger-vs-zipkin-opentracing-distributed-tracers/},
}

@WWW{mobile2019,
  author = {Be-Mobile},
  title  = {Be-Mobile},
  url    = {https://www.be-mobile.com},
}

@Misc{jens2019,
  author       = {De Valck, Jens},
  year         = {2019},
  date         = {2019-02-18},
  howpublished = {private communication},
}

@WWW{ellingwood2018,
  author = {Justin Ellingwood},
  title  = {An Introduction to Kubernetes},
  year   = {2018},
  date   = {2018-05-02},
  url    = {https://www.digitalocean.com/community/tutorials/an-introduction-to-kubernetes},
}

@WWW{learnitguide2018,
  author = {LearnItGuide},
  title  = {What is Kubernetes - Learn Kubernetes from Basics},
  year   = {2018},
  date   = {2018-11-19},
  url    = {https://www.learnitguide.net/2018/08/what-is-kubernetes-learn-kubernetes.html},
}

@WWW{yegulalp2018,
  author = {Serdar Yegulalp},
  title  = {What is Docker? Docker containers explained},
  year   = {2018},
  date   = {2018-09-06},
  url    = {https://www.infoworld.com/article/3204171/what-is-docker-docker-containers-explained.html},
}

@WWW{vaughan2018,
  author = {Steven J. Vaughan-Nichols},
  title  = {What is Docker and why is it so darn popular?},
  year   = {2018},
  date   = {2018-05-21},
  url    = {https://www.zdnet.com/article/what-is-docker-and-why-is-it-so-darn-popular/},
}

@WWW{logdna2018,
  author = {LogDNA},
  title  = {What is Log Management? The Complete Logging Guide},
  url    = {https://logdna.com/what-is-log-management/},
}

@WWW{reichert2018,
  author = {Dan Reichert},
  title  = {Logs and Metrics: What are they, and how do they help me?},
  year   = {2018},
  date   = {2018-01-05},
  url    = {https://www.sumologic.com/blog/logs-metrics-overview/},
}

@WWW{czanik2013,
  author = {Peter Czanik},
  title  = {Why logging is important?},
  year   = {2013},
  date   = {2013-04-16},
  url    = {https://www.syslog-ng.com/community/b/blog/posts/why-logging-is-important},
}

@WWW{gifford2015,
  author = {Jon Gifford},
  title  = {Data is King: Measuring the Impact of Logging on Your Application},
  year   = {2015},
  date   = {2015-02-19},
  url    = {https://www.loggly.com/blog/measuring-the-impact-of-logging-on-your-application/},
}

@WWW{christner2015,
  author = {Brian Christner},
  title  = {How to setup Prometheus Docker Monitoring},
  year   = {2015},
  url    = {https://www.brianchristner.io/how-to-setup-prometheus-docker-monitoring/},
}

@WWW{harlow2015,
  author = {Harlow Ward},
  title  = {go-micro-services},
  year   = {2015},
  date   = {2015-11-22},
  url    = {https://github.com/harlow/go-micro-services},
}

@WWW{mobile,
  author = {Be-Mobile},
  url    = {https://www.be-mobile.com},
}

@WWW{kubernetes,
  author = {Kubernetes},
  title  = {Kubernetes},
  url    = {https://kubernetes.io},
}

@WWW{docker,
  author = {Docker},
  title  = {Docker logo},
  url    = {https://www.docker.com/legal},
}

@WWW{berman2018-12,
  author = {Daniel Berman},
  title  = {The Complete Guide to the ELK Stack},
  year   = {2018},
  date   = {2018-12-20},
  url    = {https://logz.io/learn/complete-guide-elk-stack/},
}

@WWW{petrausch,
  author = {Christoph Petrausch},
  title  = {Kubernetes Logging with Fluentd and the Elastic Stack},
  year   = {2017},
  date   = {2017-01-18},
  url    = {https://www.inovex.de/blog/kubernetes-logging-with-fluentd-and-the-elastic-stack/},
}

@WWW{levy2015,
  author = {Tomer Levy},
  title  = {How to Deploy the ELK Stack in Production},
  year   = {2015},
  date   = {2015-05-05},
  url    = {https://logz.io/blog/deploy-elk-production/},
}

@WWW{gifford2016,
  author = {Jon Gifford},
  title  = {Logging: To ELK or not to ELK? That is the question},
  year   = {2016},
  date   = {2016-05-12},
  url    = {https://www.loggly.com/blog/to-elk-or-not-to-elk-that-is-the-question/},
}

@WWW{berman2018-06,
  author = {Daniel Berman},
  title  = {Fluentd vs. Fluent Bit: Side by Side Comparison},
  year   = {2018},
  date   = {2018-06-28},
  url    = {https://logz.io/blog/fluentd-vs-fluent-bit/},
}

@WWW{harikumar2018,
  author = {Sandeep Harikumar},
  title  = {The LOG Battle: Logstash and Fluentd},
  year   = {2018},
  date   = {2018-04-18},
  url    = {https://medium.com/tensult/the-log-battle-logstash-and-fluentd-c65f2f7c24b4},
}

@WWW{graylog,
  author = {Graylog},
  title  = {The thinking behind the Graylog architecture and why it matters to you},
  url    = {http://docs.graylog.org/en/3.0/pages/ideas_explained.html},
}

@WWW{lumiq2017,
  author = {LUMIQ.AI},
  title  = {Running Graylog on Kubernetes},
  year   = {2017},
  date   = {2017-02-14},
  url    = {https://medium.com/lumiq-tech/running-graylog-on-kubernetes-63022fc35da2},
}

@WWW{loki,
  author = {Grafana},
  url    = {https://grafana.com/loki},
}

@WWW{oleksii2019,
  author = {oleksii},
  title  = {Collect and View Logs with Grafana Loki},
  year   = {2019},
  date   = {2019-03-11},
  url    = {https://medium.com/pharos-production/collect-and-view-logs-with-grafana-loki-33d9155ac581},
}

@WWW{veeramachaneni2018,
  author = {Goutham Veeramachaneni},
  title  = {Loki: Prometheus-inspired, open source logging for cloud natives},
  year   = {2018},
  date   = {2018-12-12},
  url    = {https://grafana.com/blog/2018/12/12/loki-prometheus-inspired-open-source-logging-for-cloud-natives/},
}

@WWW{githubLoki2019,
  author = {davkal},
  title  = {Using Grafana to Query your logs},
  year   = {2019},
  url    = {https://github.com/grafana/loki/blob/master/docs/usage.md},
}

@WWW{techstories2017,
  author = {Short Tech Stories},
  title  = {Kubernetes 101 DaemonSets #5},
  year   = {2017},
  date   = {2017-06-13},
  url    = {https://hackernoon.com/kubernetes-101-daemonsets-5-c5bbfcbb1579},
}

@WWW{grav,
  author = {Grav},
  title  = {YAML Syntax},
  url    = {https://learn.getgrav.org/15/advanced/yaml},
}

@WWW{nastel,
  author = {Nastel},
  title  = {Understanding Log Analytics, Log Mining \& Anomaly Detection},
  url    = {https://www.nastel.com/blog/understanding-log-analytics-log-mining-anomaly-detection-2/},
}

@WWW{consortium,
  author = {Agile Business Consortium},
  title  = {MoSCoW Prioritisation},
  url    = {https://www.agilebusiness.org/content/moscow-prioritisation},
}

@WWW{elastic,
  author = {Elastic},
  title  = {Running the Elastic Stack on Kubernetes},
  url    = {https://www.elastic.co/guide/en/elastic-stack-get-started/current/get-started-kubernetes.html},
}

@WWW{elasticheap,
  author = {Elastic},
  title  = {Setting the heap size},
  url    = {https://www.elastic.co/guide/en/elasticsearch/reference/current/heap-size.html},
}

@WWW{swidler2018,
  author = {Jesse Swidler},
  title  = {High Performance ELK with Kubernetes: Part 1},
  year   = {2018},
  date   = {2018-08-07},
  url    = {https://engineering.udacity.com/high-performance-elk-with-kubernetes-part-1-1d09f41a4ce2},
}

@WWW{peri2015,
  author = {Noni Peri},
  title  = {Fluentd vs. Logstash: A Comparison of Log Collectors},
  year   = {2015},
  date   = {2015-11-08},
  url    = {https://logz.io/blog/fluentd-logstash/},
}

@WWW{graylogdocs,
  author = {Graylog},
  title  = {Graylog Documentation},
  url    = {https://docs.graylog.org/en/3.0/},
}

@Comment{jabref-meta: databaseType:biblatex;}
