% Encoding: windows-1252

@WWW{Garcin,
  author = {Pete Garcin},
  title  = {Surveying The Go Database Landscape},
  year   = {2017},
  url    = {https://www.activestate.com/blog/surveying-go-database-landscape/
},
}

@WWW{Golang,
  author = {Golang},
  title  = {The Go Blog},
  year   = {2018},
  url    = {https://blog.golang.org
},
}

@WWW{Rouse,
  author = {Jef Rouse},
  title  = {Why Go us skyrocketing in popularity},
  year   = {2017},
  url    = {https://opensource.com/article/17/11/why-go-grows},
}

@Comment{jabref-meta: databaseType:biblatex;}
